@article{bfs16,
	author = "Guy Blelloch and Daniel Ferizovic and Yihan Sun",
	title = "Just Join for Parallel Ordered Sets",
	year = "2016",
	url = "https://www.cs.cmu.edu/~guyb/papers/BFS16.pdf",
}
